@ARTICLE {roofline,
    author  = "S. Williams, A. Waterman, D. Patterson",
    title   = "Roofline: An Insightful Visual Performance Model for Multicore Architectures",
    journal = "Communications of the ACM",
    year    = "2009",
    volume  = "52",
    number  = "4",
    pages   = "65-76",
    month   = "apr"
}

@MISC {qunit,
    author = "jQuery Foundation",
    title  = "QUnit",
    note   = "http://qunitjs.com"
}

@MISC {simdjs,
    author = "D. Gohman, R. Nyman",
    title  = "Introducing SIMD.js",
    month  = "oct",
    year   = "2014",
    note   = "\url{https://hacks.mozilla.org/2014/10/introducing-simd-js/}"
}

@MISC {emscripten,
    title  = "Emscripten",
    author = "Mozilla Foundation",
    note   = "\url{http://kripken.github.io/emscripten-site/}"
}

@MISC {esprima,
    author = "Ariya Hidayat",
    title  = "Esprima",
    note   = "\url{http://esprima.org}"
}

@MISC {escodegen,
    author = "Yusuke Suzuki",
    title  = "Escodgen",
    note   = "\url{https://github.com/estools/escodegen}"
}

@MISC {spidermonkey,
    author = "Mozilla Foundation",
    title  = "Spidermonkey",
    note   = "\url{https://developer.mozilla.org/en-US/docs/Mozilla/Projects/SpiderMonkey}"
}
